@article{Facebook1,
    author  = "Nadia Alshahwan, Xinbo Gao, Mark Harman, Yue Jia, Ke Mao, Alexander
Mols, Taijin Tei and Ilya Zorin",
    title   = "{D}eploying {S}earch {B}ased {S}oftware {E}ngineering
with {S}apienz at {F}acebook",
    year    = "2018",
    journal = "Facebook, UK",
}

@inproceedings{Martin,
 author = {Martin, William and Sarro, Federica and Harman, Mark},
 title = {Causal Impact Analysis for App Releases in Google Play},
 series = {FSE 2016},
 year = {2016},
 pages = {435--446},
 numpages = {12}
} 

@inproceedings{Ceccarelli,
 author = {Ceccarelli, Michele and Cerulo, Luigi and Canfora, Gerardo and Di Penta, Massimiliano},
 title = {An Eclectic Approach for Change Impact Analysis},
 series = {ICSE '10},
 year = {2010},
 pages = {163--166},
 numpages = {4}
} 

@book{Pearl,
 author = {Pearl, Judea},
 title = {Causality: Models, Reasoning and Inference},
 year = {2000},
 edition = {1st},
 publisher = {Cambridge University Press},
 address = {New York, NY, USA}
} 

@article{Aminikhanghahi,
 author = {Aminikhanghahi, Samaneh and Cook, Diane J.},
 title = {A Survey of Methods for Time Series Change Point Detection},
 journal = {Knowl. Inf. Syst.},
 issue_date = {May       2017},
 volume = {51},
 number = {2},
 month = may,
 year = {2017},
 issn = {0219-1377},
 pages = {339--367},
 numpages = {29}
} 

@article{pearl2009,
author = "Pearl, Judea",
doi = "10.1214/09-SS057",
fjournal = "Statistics Surveys",
journal = "Statist. Surv.",
pages = "96--146",
title = "Causal inference in statistics: An overview",
year = "2009"
}

@book{pearl2016causal,
  title={Causal Inference in Statistics: A Primer},
  author={Pearl, J. and Glymour, M. and Jewell, N.P.},
  year={2016},
  publisher={Wiley}
}

@INPROCEEDINGS{7883285, 
author={T. Savor and M. Douglas and M. Gentili and L. Williams and K. Beck and M. Stumm}, 
booktitle={2016 IEEE/ACM 38th International Conference on Software Engineering Companion (ICSE-C)}, 
title={Continuous Deployment at Facebook and OANDA}, 
year={2016}, 
pages={21-30}, 
}

@article{Pearl99,
author = {Tian, Jin and Pearl, Judea},
year = {2013},
month = {01},
pages = {},
title = {Probabilities of Causation: Bounds and Identification},
volume = {28},
booktitle = {Annals of Mathematics and Artificial Intelligence}
}

@misc{canaryrelease,
  title = {Canary Release},
  url = {https://martinfowler.com/bliki/CanaryRelease.html},
  note = {}
}

@article{eval,
author = {David Landsberg et al.},
year = "2015",
title = "Evaluation of Measures for Statistical Fault Localisation and an Optimising Scheme",
journal = "FASE",
series = "Lecture Notes in Computer Science",
pages = "115--129",
booktitle = "Fundamental Approaches to Software Engineering"
}

@misc{arXiv:1411.7955,
author = {Nicholas A. James, Arun Kejariwal, David S. Matteson}, 
title = "Leveraging Cloud Data to Mitigate User Experience from Breaking Bad",
url = {https://arxiv.org/abs/1411.7955v1}
}

@INPROCEEDINGS{6245635, 
author={Neelofar and M. Y. Javed and H. Mohsin}, 
booktitle={2012 Sixth International Conference on Complex, Intelligent, and Software Intensive Systems}, 
title={An Automated Approach for Software Bug Classification}, 
year={2012}, 
pages={414-419}, 
month={July}
}

@inproceedings{gomez2008improving,
  title={Improving Software Quality Through the Use of Statistics: An Initial Approach},
  author={G{\'o}mez Reynoso, Juan M and Brizuela Sandoval, M{\'o}nica R},
  booktitle={CONF-IRM 2008 Proceedings},
  pages={34},
  year={2008}
}
